<?xml version='1.0' encoding='UTF-8'?>
<record xmlns="http://www.loc.gov/MARC21/slim">
    <leader>00000cam a22000004a 4500</leader>
    <controlfield tag="008">110719s2011    njua     b    001 0 eng  </controlfield>
    <datafield tag="020" ind1=" " ind2=" ">
        <subfield code="a">9780910965927</subfield>
    </datafield>
    <datafield tag="020" ind1=" " ind2=" ">
        <subfield code="a">0910965927</subfield>
    </datafield>
    <datafield tag="100" ind1="1" ind2=" ">
        <subfield code="a">Boule, Michelle</subfield>
    </datafield>
    <datafield tag="245" ind1="1" ind2="0">
        <subfield code="a">Mob rule learning :</subfield>
        <subfield code="b">camps, unconferences, and trashing the talking head /</subfield>
        <subfield code="c">Michelle Boule.</subfield>
    </datafield>
    <datafield tag="260" ind1=" " ind2=" ">
        <subfield code="a">Medford, N.J. :</subfield>
        <subfield code="b">CyberAge Books,</subfield>
        <subfield code="c">©2011.</subfield>
    </datafield>
</record>